<record><leader>00000cas a22000007a 4500</leader><controlfield tag="001">11075088</controlfield><controlfield tag="008">840821d18651866inuwr ne      0    0eng d</controlfield><datafield ind1=" " ind2=" " tag="010"><subfield code="a">sn 84023924 </subfield></datafield><datafield ind1=" " ind2=" " tag="040"><subfield code="a">NPX</subfield><subfield code="b">eng</subfield><subfield code="c">NPX</subfield><subfield code="d">NPI</subfield><subfield code="d">OCLCQ</subfield><subfield code="d">IUL</subfield></datafield><datafield ind1=" " ind2=" " tag="042"><subfield code="a">msc</subfield></datafield><datafield ind1="0" ind2="0" tag="245"><subfield code="a">Fort Wayne weekly times and sentinel.</subfield></datafield><datafield ind1="1" ind2="3" tag="246"><subfield code="a">Times and sentinel</subfield></datafield><datafield ind1=" " ind2=" " tag="260"><subfield code="a">Fort Wayne, Ind. :</subfield><subfield code="b">W. Campbell &amp; Henry Dills</subfield></datafield><datafield ind1=" " ind2=" " tag="310"><subfield code="a">Weekly</subfield></datafield><datafield ind1="1" ind2=" " tag="362"><subfield code="a">Began in 1865; ceased in Jan. 1866.</subfield></datafield><datafield ind1=" " ind2=" " tag="500"><subfield code="a">"White man's ticket."</subfield></datafield><datafield ind1=" " ind2=" " tag="580"><subfield code="a">Daily ed. : Fort Wayne daily times and sentinel.</subfield></datafield><datafield ind1=" " ind2=" " tag="588"><subfield code="a">Description based on: Vol. 26, no. 8 (Sept. 27, 1865).</subfield></datafield><datafield ind1=" " ind2=" " tag="752"><subfield code="a">United States</subfield><subfield code="b">Indiana</subfield><subfield code="c">Allen</subfield><subfield code="d">Fort Wayne.</subfield></datafield><datafield ind1="1" ind2=" " tag="775"><subfield code="t">Fort Wayne daily times and sentinel</subfield><subfield code="w">(DLC)sn 84023921</subfield><subfield code="w">(OCoLC)11074549</subfield></datafield><datafield ind1="0" ind2="4" tag="780"><subfield code="t">Dawson's weekly times and union</subfield><subfield code="w">(DLC)  2017238250</subfield><subfield code="w">(OCoLC)982959721</subfield></datafield><datafield ind1="0" ind2="4" tag="780"><subfield code="t">Fort Wayne weekly sentinel (Fort Wayne, Ind. : 1860)</subfield><subfield code="w">(DLC)sn 87056644</subfield><subfield code="w">(OCoLC)16888008</subfield></datafield><datafield ind1="0" ind2="0" tag="785"><subfield code="t">Fort Wayne weekly democrat</subfield><subfield code="w">(DLC)sn 87055972</subfield><subfield code="w">(OCoLC)15615676</subfield></datafield></record>